@misc{berger1929electoencephalogram,
  title={{\"U}ber das Electoencephalogram des Menschen, Arch},
  author={Berger, H},
  year={1929},
  publisher={Psychiatr}
}

@article{tzallas2009epileptic,
  title={Epileptic seizure detection in EEGs using time--frequency analysis},
  author={Tzallas, Alexandros T and Tsipouras, Markos G and Fotiadis, Dimitrios I},
  journal={IEEE transactions on information technology in biomedicine},
  volume={13},
  number={5},
  pages={703--710},
  year={2009},
  publisher={ieee}
}

@article{fulcher2013highly,
  title={Highly comparative time-series analysis: the empirical structure of time series and their methods},
  author={Fulcher, Ben D and Little, Max A and Jones, Nick S},
  journal={Journal of the Royal Society Interface},
  volume={10},
  number={83},
  pages={20130048},
  year={2013},
  publisher={The Royal Society}
}

@article{brazier1952crosscorrelation,
  title={Crosscorrelation and autocorrelation studies of electroencephalographic potentials},
  author={Brazier, Mary AB and Casby, James U},
  journal={Electroencephalography and clinical neurophysiology},
  volume={4},
  number={2},
  pages={201--211},
  year={1952},
  publisher={Elsevier}
}

@article{barlow1959autocorrelation,
  title={Autocorrelation and crosscorrelation analysis in electroencephalography},
  author={Barlow, John S},
  journal={IRE transactions on medical electronics},
  number={3},
  pages={179--183},
  year={1959},
  publisher={IEEE}
}

@article{shaw1984correlation,
  title={Correlation and coherence analysis of the EEG: a selective tutorial review},
  author={Shaw, John C},
  journal={International Journal of Psychophysiology},
  volume={1},
  number={3},
  pages={255--266},
  year={1984},
  publisher={Elsevier}
}

@article{lang2012brain,
  title={Brain connectivity analysis: a short survey},
  author={Lang, Elmar Wolfgang and Tom{\'e}, Ana Maria and Keck, Ingo R and G{\'o}rriz-S{\'a}ez, JM and Puntonet, Carlos Garc{\'\i}a},
  journal={Computational intelligence and neuroscience},
  volume={2012},
  pages={8},
  year={2012},
  publisher={Hindawi Publishing Corp.}
}

@article{guevara1996eeg,
  title={EEG coherence or EEG correlation?},
  author={Guevara, Miguel Angel and Corsi-Cabrera, Mar{\'\i}a},
  journal={International Journal of Psychophysiology},
  volume={23},
  number={3},
  pages={145--153},
  year={1996},
  publisher={Elsevier}
}


 Herrmann, Christoph S., StrÂ¨uber, Daniel, Helfrich, Randolph
F., Engel, Andreas K., EEG oscillations: From correlation to causality, International
Journal of Psychophysiology (2015), doi: 10.1016/j.ijpsycho.2015.02.00






@article{kida2016multi,
  title={Multi-dimensional dynamics of human electromagnetic brain activity},
  author={Kida, Tetsuo and Tanaka, Emi and Kakigi, Ryusuke},
  journal={Frontiers in human neuroscience},
  volume={9},
  pages={713},
  year={2016},
  publisher={Frontiers}
}


@article{shannon1948mathematical,
  title={A mathematical theory of communication},
  author={Shannon, Claude Elwood},
  journal={Bell system technical journal},
  volume={27},
  number={3},
  pages={379--423},
  year={1948},
  publisher={Wiley Online Library}
}

@article{khinchin1956basic,
  title={On the basic theorems of information theory Uspekhi Mat},
  author={Khinchin, A Ya},
  journal={Nauk,(NS) XI},
  number={1},
  pages={17--75},
  year={1956}
}

@article{teixeira2011entropy,
  title={Entropy measures vs. Kolmogorov complexity},
  author={Teixeira, Andreia and Matos, Armando and Souto, Andr{\'e} and Antunes, Lu{\'\i}s},
  journal={Entropy},
  volume={13},
  number={3},
  pages={595--611},
  year={2011},
  publisher={Molecular Diversity Preservation International}
}

@article{amigo2015entropy,
  title={On entropy, entropy-like quantities, and applications},
  author={Amig{\'o}, Jos{\'e} M and Keller, Karsten and Unakafova, Valentina A},
  journal={Discrete \& Continuous Dynamical Systems-B},
  volume={20},
  number={10},
  pages={3301--3343},
  year={2015}
}

@article{kawano2017large,
  title={Large-scale phase synchrony reflects clinical status after stroke: An EEG study},
  author={Kawano, Teiji and Hattori, Noriaki and Uno, Yutaka and Kitajo, Keiichi and Hatakenaka, Megumi and Yagura, Hajime and Fujimoto, Hiroaki and Yoshioka, Tomomi and Nagasako, Michiko and Otomune, Hironori and others},
  journal={Neurorehabilitation and neural repair},
  volume={31},
  number={6},
  pages={561--570},
  year={2017},
  publisher={Sage Publications Sage CA: Los Angeles, CA}
}

@article{baboukani2019novel,
  title={A novel multivariate phase synchrony measure: Application to multichannel newborn EEG analysis},
  author={Baboukani, Payam Shahsavari and Azemi, Ghasem and Boashash, Boualem and Colditz, Paul and Omidvarnia, Amir},
  journal={Digital Signal Processing},
  volume={84},
  pages={59--68},
  year={2019},
  publisher={Elsevier}
}

@article{whedon2016changes,
  title={Changes in frontal EEG coherence across infancy predict cognitive abilities at age 3: The mediating role of attentional control.},
  author={Whedon, Margaret and Perry, Nicole B and Calkins, Susan D and Bell, Martha Ann},
  journal={Developmental psychology},
  volume={52},
  number={9},
  pages={1341},
  year={2016},
  publisher={American Psychological Association}
}

@inproceedings{da2019eeg,
  title={EEG Coherence Analysis in Subjects After Rehabilitation from Stroke with Motor Imagery},
  author={da Silva, LCP and Paz, CCSC and de S{\'a}, AMFL Miranda and Tierra-Criollo, CJ},
  booktitle={World Congress on Medical Physics and Biomedical Engineering 2018},
  pages={325--329},
  year={2019},
  organization={Springer}
}