@misc{berger1929electoencephalogram,
  title={{\"U}ber das Electoencephalogram des Menschen, Arch},
  author={Berger, H},
  year={1929},
  publisher={Psychiatr}
}

@article{tzallas2009epileptic,
  title={Epileptic seizure detection in EEGs using time--frequency analysis},
  author={Tzallas, Alexandros T and Tsipouras, Markos G and Fotiadis, Dimitrios I},
  journal={IEEE transactions on information technology in biomedicine},
  volume={13},
  number={5},
  pages={703--710},
  year={2009},
  publisher={ieee}
}
