@article{goodwin2007heartland,
  title={What is the heartland of psychiatry?},
  author={Goodwin, Guy M and Geddes, John R},
  journal={The British Journal of Psychiatry},
  volume={191},
  number={3},
  pages={189--191},
  year={2007},
  publisher={Cambridge University Press}
}

@book{etiologySZ,
author={Demis R. Combs, Kim T. Mueser, Marisela M. Gutierrez},
booktitle = {Adult Psychopathology and Diagnosis},
publisher = {John Wiley and Sons},
title = {{Etiology of Schizophrenia}},
year = {2011}
}

@article{raggi2022auditory,
  title={Auditory mismatch negativity in bipolar disorder: a focused review},
  author={Raggi, Alberto and Lanza, Giuseppe and Ferri, Raffaele},
  journal={Reviews in the Neurosciences},
  volume={33},
  number={1},
  pages={17--30},
  year={2022},
  publisher={De Gruyter}
}

@article{ferri2003mismatch,
  title={The mismatch negativity and the P3a components of the auditory event-related potentials in autistic low-functioning subjects},
  author={Ferri, Raffaele and Elia, Maurizio and Agarwal, Nivedita and Lanuzza, Bartolo and Musumeci, Sebastiano A and Pennisi, Giovanni},
  journal={Clinical neurophysiology},
  volume={114},
  number={9},
  pages={1671--1680},
  year={2003},
  publisher={Elsevier}
}

@article{alho1986separability,
  title={Separability of different negative components of the event-related potential associated with auditory stimulus processing},
  author={Alho, Kimmo and Paavilainen, Petri and Reinikainen, Kalevi and Sams, Mikko and N{\"a}{\"a}t{\"a}nen, Risto},
  journal={Psychophysiology},
  volume={23},
  number={6},
  pages={613--623},
  year={1986},
  publisher={Wiley Online Library}
}

@article{javitt2000intracortical,
  title={Intracortical mechanisms of mismatch negativity dysfunction in schizophrenia},
  author={Javitt, Daniel C},
  journal={Audiology and Neurotology},
  volume={5},
  number={3-4},
  pages={207--215},
  year={2000},
  publisher={Karger Publishers}
}

@article{umbricht2006electrophysiological,
  title={Electrophysiological indices of automatic and controlled auditory information processing in first-episode, recent-onset and chronic schizophrenia},
  author={Umbricht, Daniel SG and Bates, John A and Lieberman, Jeffrey A and Kane, John M and Javitt, Daniel C},
  journal={Biological psychiatry},
  volume={59},
  number={8},
  pages={762--772},
  year={2006},
  publisher={Elsevier}
}

@article{salisbury2007progressive,
  title={Progressive and interrelated functional and structural evidence of post-onset brain reduction in schizophrenia},
  author={Salisbury, Dean F and Kuroki, Noriomi and Kasai, Kiyoto and Shenton, Martha E and McCarley, Robert W},
  journal={Archives of general psychiatry},
  volume={64},
  number={5},
  pages={521--529},
  year={2007},
  publisher={American Medical Association}
}

@article{de2020pearls,
  title={Pearls and pitfalls in brain functional analysis by event-related potentials: A narrative review by the Italian Psychophysiology and Cognitive Neuroscience Society on methodological limits and clinical reliability—Part I},
  author={de Tommaso, Marina and Betti, Viviana and Bocci, Tommaso and Bolognini, Nadia and Di Russo, Francesco and Fattapposta, Francesco and Ferri, Raffaele and Invitto, Sara and Koch, Giacomo and Miniussi, Carlo and others},
  journal={Neurological Sciences},
  volume={41},
  pages={2711--2735},
  year={2020},
  publisher={Springer}
}

@article{comerchero1999p3a,
  title={P3a and P3b from typical auditory and visual stimuli},
  author={Comerchero, Marco D and Polich, John},
  journal={Clinical neurophysiology},
  volume={110},
  number={1},
  pages={24--30},
  year={1999},
  publisher={Elsevier}
}

@article{friedman2001novelty,
  title={The novelty P3: an event-related brain potential (ERP) sign of the brain's evaluation of novelty},
  author={Friedman, David and Cycowicz, Yael M and Gaeta, Helen},
  journal={Neuroscience \& Biobehavioral Reviews},
  volume={25},
  number={4},
  pages={355--373},
  year={2001},
  publisher={Elsevier}
}

@article{polich2007updating,
  title={Updating P300: an integrative theory of P3a and P3b},
  author={Polich, John},
  journal={Clinical neurophysiology},
  volume={118},
  number={10},
  pages={2128--2148},
  year={2007},
  publisher={Elsevier}
}

@article{grillon1990increased,
  title={Increased distractibility in schizophrenic patients: electrophysiologic and behavioral evidence},
  author={Grillon, Christian and Courchesne, Eric and Ameli, Rezvan and Geyer, Mark A and Braff, David L},
  journal={Archives of General Psychiatry},
  volume={47},
  number={2},
  pages={171--179},
  year={1990},
  publisher={American Medical Association}
}

@article{jahshan2012automatic,
  title={Automatic sensory information processing abnormalities across the illness course of schizophrenia},
  author={Jahshan, Carol and Cadenhead, Kristin S and Rissling, Anthony J and Kirihara, Kenji and Braff, David L and Light, Gregory A},
  journal={Psychological medicine},
  volume={42},
  number={1},
  pages={85--97},
  year={2012},
  publisher={Cambridge University Press}
}

@article{koshiyama2022neuroimaging,
  title={Neuroimaging studies within Cognitive Genetics Collaborative Research Organization aiming to replicate and extend works of ENIGMA},
  author={Koshiyama, Daisuke and Miura, Kenichiro and Nemoto, Kiyotaka and Okada, Naohiro and Matsumoto, Junya and Fukunaga, Masaki and Hashimoto, Ryota},
  journal={Human Brain Mapping},
  volume={43},
  number={1},
  pages={182--193},
  year={2022},
  publisher={Wiley Online Library}
}

@article{hall2007genetic,
  title={Genetic overlap between bipolar illness and event-related potentials},
  author={Hall, Mei-Hua and Rijsdijk, Fr{\"u}hling and Kalidindi, Sridevi and Schulze, Katja and Kravariti, Eugenia and Kane, Fergus and Sham, Pak and Bramon, Elvira and Murray, Robin M},
  journal={Psychological medicine},
  volume={37},
  number={5},
  pages={667--678},
  year={2007},
  publisher={Cambridge University Press}
}

@article{kim2020neurophysiological,
  title={Neurophysiological biomarkers in schizophrenia—P50, mismatch negativity, and TMS-EMG and TMS-EEG},
  author={Kim, Helena K and Blumberger, Daniel M and Daskalakis, Zafiris J},
  journal={Frontiers in Psychiatry},
  volume={11},
  pages={795},
  year={2020},
  publisher={Frontiers Media SA}
}

@article{iritani2007neuropathology,
  title={Neuropathology of schizophrenia: a mini review},
  author={Iritani, Shuji},
  journal={Neuropathology},
  volume={27},
  number={6},
  pages={604--608},
  year={2007},
  publisher={Wiley Online Library}
}

@article{bakhshi2015neuropathology,
  title={The neuropathology of schizophrenia: a selective review of past studies and emerging themes in brain structure and cytoarchitecture},
  author={Bakhshi, K and Chance, SA},
  journal={Neuroscience},
  volume={303},
  pages={82--102},
  year={2015},
  publisher={Elsevier}
}

@article{halliday2001proceedings,
  title={Proceedings of the Australian Neuroscience Society Symposium: Schizophrenia A REVIEW OF THE NEUROPATHOLOGY OF SCHIZOPHRENIA},
  author={Halliday, GM},
  journal={Clinical and Experimental Pharmacology and Physiology},
  volume={28},
  number={1-2},
  pages={64--65},
  year={2001},
  publisher={Wiley Online Library}
}

@article{harrison2015recent,
  title={Recent genetic findings in schizophrenia and their therapeutic relevance},
  author={Harrison, Paul J},
  journal={Journal of psychopharmacology},
  volume={29},
  number={2},
  pages={85--96},
  year={2015},
  publisher={SAGE Publications Sage UK: London, England}
}

@article{van2010genome,
  title={Genome-Wide Findings in Schizophrenia and the Role of Gene--Environment Interplay},
  author={Van Winkel, Ruud and Esquivel, Gabriel and Kenis, Gunter and Wichers, Marieke and Collip, Dina and Peerbooms, Odette and Rutten, Bart and Myin-Germeys, Inez and Van Os, Jim},
  journal={CNS neuroscience \& therapeutics},
  volume={16},
  number={5},
  pages={e185--e192},
  year={2010},
  publisher={Wiley Online Library}
}

@article{henriksen2017genetics,
  title={Genetics of schizophrenia: overview of methods, findings and limitations},
  author={Henriksen, Mads G and Nordgaard, Julie and Jansson, Lennart B},
  journal={Frontiers in human neuroscience},
  volume={11},
  pages={322},
  year={2017},
  publisher={Frontiers Media SA}
}

@article{yoon2008association,
  title={Association of dorsolateral prefrontal cortex dysfunction with disrupted coordinated brain activity in schizophrenia: relationship with impaired cognition, behavioral disorganization, and global function},
  author={Yoon, Jong H and Minzenberg, Michael J and Ursu, Stefan and Walters, Ryan and Wendelken, Carter and Ragland, J Daniel and Carter, Cameron S},
  journal={American Journal of Psychiatry},
  volume={165},
  number={8},
  pages={1006--1014},
  year={2008},
  publisher={Am Psychiatric Assoc}
}

@article{lesh2015multimodal,
  title={A multimodal analysis of antipsychotic effects on brain structure and function in first-episode schizophrenia},
  author={Lesh, Tyler A and Tanase, Costin and Geib, Benjamin R and Niendam, Tara A and Yoon, Jong H and Minzenberg, Michael J and Ragland, J Daniel and Solomon, Marjorie and Carter, Cameron S},
  journal={JAMA psychiatry},
  volume={72},
  number={3},
  pages={226--234},
  year={2015},
  publisher={American Medical Association}
}

@article{uhlhaas2008role,
  title={The role of oscillations and synchrony in cortical networks and their putative relevance for the pathophysiology of schizophrenia},
  author={Uhlhaas, Peter J and Haenschel, Corinna and Nikoli{\'c}, Danko and Singer, Wolf},
  journal={Schizophrenia bulletin},
  volume={34},
  number={5},
  pages={927--943},
  year={2008},
  publisher={Oxford University Press}
}

@article{antonova2004relationship,
  title={The relationship between brain structure and neurocognition in schizophrenia: a selective review},
  author={Antonova, Elena and Sharma, Tonmoy and Morris, Robin and Kumari, Veena},
  journal={Schizophrenia research},
  volume={70},
  number={2-3},
  pages={117--145},
  year={2004},
  publisher={Elsevier}
}

@article{chung2019cortical,
  title={Cortical abnormalities in youth at clinical high-risk for psychosis: findings from the NAPLS2 cohort},
  author={Chung, Yoonho and Allswede, Dana and Addington, Jean and Bearden, Carrie E and Cadenhead, Kristin and Cornblatt, Barbara and Mathalon, Daniel H and McGlashan, Thomas and Perkins, Diana and Seidman, Larry J and others},
  journal={NeuroImage: Clinical},
  volume={23},
  pages={101862},
  year={2019},
  publisher={Elsevier}
}

@article{rolls2021attractor,
  title={Attractor cortical neurodynamics, schizophrenia, and depression},
  author={Rolls, Edmund T},
  journal={Translational Psychiatry},
  volume={11},
  number={1},
  pages={215},
  year={2021},
  publisher={Nature Publishing Group UK London}
}

@article{hamilton2020electroencephalography,
  title={Electroencephalography and event-related potential biomarkers in individuals at clinical high risk for psychosis},
  author={Hamilton, Holly K and Boos, Alison K and Mathalon, Daniel H},
  journal={Biological psychiatry},
  volume={88},
  number={4},
  pages={294--303},
  year={2020},
  publisher={Elsevier}
}

@article{umbricht2005mismatch,
  title={Mismatch negativity in schizophrenia: a meta-analysis},
  author={Umbricht, Daniel and Krljes, Sanya},
  journal={Schizophrenia research},
  volume={76},
  number={1},
  pages={1--23},
  year={2005},
  publisher={Elsevier}
}

@article{alho1995cerebral,
  title={Cerebral generators of mismatch negativity (MMN) and its magnetic counterpart (MMNm) elicited by sound changes},
  author={Alho, Kimmo},
  journal={Ear and hearing},
  volume={16},
  number={1},
  pages={38--51},
  year={1995},
  publisher={LWW}
}

@article{boutros2008status,
  title={The status of spectral EEG abnormality as a diagnostic test for schizophrenia},
  author={Boutros, Nash N and Arfken, Cynthia and Galderisi, Silvana and Warrick, Joshua and Pratt, Garrett and Iacono, William},
  journal={Schizophrenia research},
  volume={99},
  number={1-3},
  pages={225--237},
  year={2008},
  publisher={Elsevier}
}

@article{uhlhaas2010abnormal,
  title={Abnormal neural oscillations and synchrony in schizophrenia},
  author={Uhlhaas, Peter J and Singer, Wolf},
  journal={Nature reviews neuroscience},
  volume={11},
  number={2},
  pages={100--113},
  year={2010},
  publisher={Nature Publishing Group UK London}
}

@article{koh2011meg,
  title={An MEG study of alpha modulation in patients with schizophrenia and in subjects at high risk of developing psychosis},
  author={Koh, Yuri and Shin, Kyung Soon and Kim, June Sic and Choi, Jung-Seok and Kang, Do-Hyung and Jang, Joon Hwan and Cho, Kwang-Hyun and O'Donnell, Brian F and Chung, Chun Kee and Kwon, Jun Soo},
  journal={Schizophrenia research},
  volume={126},
  number={1-3},
  pages={36--42},
  year={2011},
  publisher={Elsevier}
}

@article{spencer2008gamma,
  title={$\gamma$-Band auditory steady-state responses are impaired in first episode psychosis},
  author={Spencer, Kevin M and Salisbury, Dean F and Shenton, Martha E and McCarley, Robert W},
  journal={Biological psychiatry},
  volume={64},
  number={5},
  pages={369--375},
  year={2008},
  publisher={Elsevier}
}

@article{hong2004evoked,
  title={Evoked gamma band synchronization and the liability for schizophrenia},
  author={Hong, L Elliot and Summerfelt, Ann and McMahon, Robert and Adami, Helene and Francis, Grace and Elliott, Amie and Buchanan, Robert W and Thaker, Gunvant K},
  journal={Schizophrenia research},
  volume={70},
  number={2-3},
  pages={293--302},
  year={2004},
  publisher={Elsevier}
}

@article{wilson2008cortical,
  title={Cortical gamma generators suggest abnormal auditory circuitry in early-onset psychosis},
  author={Wilson, Tony W and Hernandez, Olivia O and Asherin, Ryan M and Teale, Peter D and Reite, Martin L and Rojas, Donald C},
  journal={Cerebral cortex},
  volume={18},
  number={2},
  pages={371--378},
  year={2008},
  publisher={Oxford University Press}
}

@article{gschwandtner2009eeg,
  title={EEG: a helpful tool in the prediction of psychosis},
  author={Gschwandtner, Ute and Pflueger, Marlon O and Semenin, Vitaliy and Gaggiotti, Manuela and Riecher-R{\"o}ssler, Anita and Fuhr, Peter},
  journal={European archives of psychiatry and clinical neuroscience},
  volume={259},
  pages={257--262},
  year={2009},
  publisher={Springer}
}