@article{goodwin2007heartland,
  title={What is the heartland of psychiatry?},
  author={Goodwin, Guy M and Geddes, John R},
  journal={The British Journal of Psychiatry},
  volume={191},
  number={3},
  pages={189--191},
  year={2007},
  publisher={Cambridge University Press}
}